@book{doicu2010numerical,
  title={Numerical Regularization for Atmospheric Inverse Problems},
  author={Doicu, A. and Trautmann, T. and Schreier, F.},
  isbn={9783642054396},
  lccn={2010920974},
  series={Springer Praxis Books},
  url={https://books.google.com.br/books?id=P_tYXLtQ5x8C},
  year={2010},
  publisher={Springer Berlin Heidelberg}
}

@book{zhang2017matrix,
  title={Matrix Analysis and Applications},
  author={Zhang, X.D.},
  isbn={9781108417419},
  lccn={2017033516},
  url={https://books.google.com.br/books?id=YBs0DwAAQBAJ},
  year={2017},
  publisher={Cambridge University Press}
}

@article{santos2009introduccao,
  title={Introdu{\c{c}}{\~a}o ao software maxima},
  author={Santos, Bruna},
  journal={Centro de Matem{\'a}tica da Universidade do Porto},
  year={2009}
}

